@book{ArfWeb_RRVT,
    author={George B Arfken and Hans J Weber},
    title={Mathematical Methods for Physicists},
    publisher={Elsevier Academic Press},
    edition={6},
    year={2005},
    note={(Section 17.8, pp.1072---1073)},
}

@book{Gasiorowicz_RVT,
    author={Stephen Gasiorowicz},
    title={Quantum Physics},
    publisher={John Wiley \& Sons},
    edition={3},
    year={2003},
    note={(Section 14-4, pp.224---226)},
}
