@misc{MATLAB,
    author={Math{W}orks},
    title={{MATLAB} {R}elease 2017b},
    year={2017},
    howpublished={{http://uk.mathworks.com/}},
    note={\copyright 1994---2018 The MathWorks, Inc.},
}

@misc{otb:gitVSSS,
    author={Oliver Thomson Brown},
    title={mpostat-matlab},
    year={2016},
    howpublished={{https://github.com/otbrown/mpostat-matlab}},
    note={{A}ccessed: 2018-01-24},
}

@misc{TNTlib,
	author={S. Al-{A}ssam and S. R. Clark and Dieter Jacksch and {TNT} Development Team},
	title={Tensor Network Theory Library, Beta version 1.2.0},
	year={2016},
	howpublished={{http://www.tensornetworktheory.org/}},
}
	
	